@article{心智,
  title={Theory of mind may have spontaneously emerged in large language models},
  author={Kosinski, Michal},
  journal={arXiv preprint arXiv:2302.02083},
  year={2023}
}

@book{简史,
  title={Sapiens: A brief history of humankind},
  author={Harari, Yuval Noah},
  year={2014},
  publisher={Random House}
}

@article{回顾,
  title={Reviewing tests for machine consciousness},
  author={Elamrani, Aida and Yampolskiy, Roman V},
  journal={Journal of Consciousness Studies},
  volume={26},
  number={5-6},
  pages={35--64},
  year={2019},
  publisher={Imprint Academic}
}

@article{深蓝,
  title={The implications of kasparov vs. deep blue},
  author={Seirawan, Yasser and Simon, Herbert A and Munakata, Toshinori},
  journal={Communications of the ACM},
  volume={40},
  number={8},
  pages={21--25},
  year={1997},
  publisher={ACM New York, NY, USA}
}

@misc{FB,
  title = {Debate: Do Language Models Need Sensory Grounding for Meaning and Understanding?},
  author = {Yann LeCun},
  year = {2023},
  howpublished = {[R/OL]},
  note = {\url{https://youtu.be/x10964w00zk}}
}

@article{微软,
  title={Sparks of artificial general intelligence: Early experiments with gpt-4},
  author={Bubeck, S{\'e}bastien and Chandrasekaran, Varun and Eldan, Ronen and Gehrke, Johannes and Horvitz, Eric and Kamar, Ece and Lee, Peter and Lee, Yin Tat and Li, Yuanzhi and Lundberg, Scott and others},
  journal={arXiv preprint arXiv:2303.12712},
  year={2023},
  note = {\url{https://youtu.be/qbIk7-JPB2c}}
}

@article{tom,
  title={Theory of mind},
  author={Frith, Chris and Frith, Uta},
  journal={Current biology},
  volume={15},
  number={17},
  pages={R644--R645},
  year={2005},
  publisher={Elsevier}
}

@online{或许存在,
  title = {Slightly Conscious},
  author = {Ilya Sutskever},
  url = {https://twitter.com/ilyasut/status/1491554478243258368},
  note = {Accessed: April, 2023},
}

@online{没有,
  title = {Not Be Conscious},
  author = {Sam Altman},
  url = {https://twitter.com/sama/status/1492645047585570816},
  note = {Accessed: April, 2023},
}
